<record><leader>02373cam a2200541 i 4500</leader><controlfield tag="001">6790425</controlfield><controlfield tag="003">OCoLC</controlfield><controlfield tag="005">20150115161726.0</controlfield><controlfield tag="008">140206t20152015nyu    d b    000 f eng  </controlfield><datafield ind1=" " ind2=" " tag="010"><subfield code="a">  2014002238</subfield></datafield><datafield ind1=" " ind2=" " tag="020"><subfield code="a">9780385755887</subfield><subfield code="q">hardcover</subfield></datafield><datafield ind1=" " ind2=" " tag="020"><subfield code="a">0385755880</subfield><subfield code="q">hardcover</subfield></datafield><datafield ind1=" " ind2=" " tag="020"><subfield code="a">9780385755894</subfield><subfield code="q">library binding</subfield></datafield><datafield ind1=" " ind2=" " tag="020"><subfield code="a">0385755899</subfield><subfield code="q">library binding</subfield></datafield><datafield ind1=" " ind2=" " tag="020"><subfield code="z">9780385755900</subfield><subfield code="q">ebook</subfield></datafield><datafield ind1=" " ind2=" " tag="020"><subfield code="z">9780553533583</subfield><subfield code="q">international trade paperback</subfield></datafield><datafield ind1=" " ind2=" " tag="020"><subfield code="a">9780385755917</subfield><subfield code="q">paperbook</subfield></datafield><datafield ind1=" " ind2=" " tag="035"><subfield code="a">ocn870336323</subfield></datafield><datafield ind1=" " ind2=" " tag="040"><subfield code="a">DLC</subfield><subfield code="b">eng</subfield><subfield code="e">rda</subfield><subfield code="c">DLC</subfield><subfield code="d">WIM</subfield><subfield code="d">OCLCO</subfield><subfield code="d">UOK</subfield><subfield code="d">FOLLT</subfield><subfield code="d">UAB</subfield><subfield code="d">AEU</subfield></datafield><datafield ind1=" " ind2=" " tag="042"><subfield code="a">lcac</subfield><subfield code="a">pcc</subfield></datafield><datafield ind1=" " ind2=" " tag="043"><subfield code="a">n-us-in</subfield></datafield><datafield ind1="0" ind2="0" tag="050"><subfield code="a">PZ7.N6434</subfield><subfield code="b">Al 2015</subfield></datafield><datafield ind1="0" ind2="0" tag="082"><subfield code="a">[Fic]</subfield><subfield code="2">23</subfield></datafield><datafield ind1=" " ind2=" " tag="090"><subfield code="a">ER Author NIV</subfield><subfield code="b">AEVC</subfield></datafield><datafield ind1=" " ind2=" " tag="090"><subfield code="a">PZ 7 N6434 Al 2015</subfield><subfield code="b">AEU</subfield></datafield><datafield ind1=" " ind2=" " tag="090"><subfield code="a">NIV</subfield><subfield code="b">AOAC</subfield></datafield><datafield ind1="1" ind2=" " tag="100"><subfield code="a">Niven, Jennifer,</subfield><subfield code="e">author.</subfield></datafield><datafield ind1="1" ind2="0" tag="245"><subfield code="a">All the bright places /</subfield><subfield code="c">Jennifer Niven.</subfield></datafield><datafield ind1=" " ind2=" " tag="250"><subfield code="a">First edition.</subfield></datafield><datafield ind1=" " ind2="1" tag="264"><subfield code="a">New York :</subfield><subfield code="b">Alfred A. Knopf,</subfield><subfield code="c">2015.</subfield></datafield><datafield ind1=" " ind2="4" tag="264"><subfield code="c">&#169;2015</subfield></datafield><datafield ind1=" " ind2=" " tag="300"><subfield code="a">388 pages ;</subfield><subfield code="c">22 cm</subfield></datafield><datafield ind1=" " ind2=" " tag="336"><subfield code="a">text</subfield><subfield code="2">rdacontent</subfield></datafield><datafield ind1=" " ind2=" " tag="337"><subfield code="a">unmediated</subfield><subfield code="2">rdamedia</subfield></datafield><datafield ind1=" " ind2=" " tag="338"><subfield code="a">volume</subfield><subfield code="2">rdacarrier</subfield></datafield><datafield ind1=" " ind2=" " tag="504"><subfield code="a">Includes bibliographical references (page 383).</subfield></datafield><datafield ind1=" " ind2=" " tag="520"><subfield code="a">"Told in alternating voices, when Theodore Finch and Violet Markey meet on the ledge of the bell tower at school--both teetering on the edge--it's the beginning of an unlikely relationship, a journey to discover the "natural wonders" of the state of Indiana, and two teens' desperate desire to heal and save one another"--</subfield><subfield code="c">Provided by publisher.</subfield></datafield><datafield ind1=" " ind2=" " tag="596"><subfield code="a">3 16 33 41</subfield></datafield><datafield ind1=" " ind2="0" tag="650"><subfield code="a">Friendship</subfield><subfield code="v">Juvenile fiction.</subfield></datafield><datafield ind1=" " ind2="0" tag="650"><subfield code="a">Suicide</subfield><subfield code="v">Juvenile fiction.</subfield></datafield><datafield ind1=" " ind2="0" tag="650"><subfield code="a">Emotional problems of teenagers</subfield><subfield code="v">Juvenile fiction.</subfield></datafield><datafield ind1=" " ind2="0" tag="651"><subfield code="a">Indiana</subfield><subfield code="v">Juvenile fiction.</subfield></datafield><datafield ind1=" " ind2=" " tag="949"><subfield code="a">PZ 7 N6434 Al 2015</subfield><subfield code="c">1</subfield><subfield code="h">UAED-CU-B</subfield><subfield code="i">0162035227618</subfield></datafield><datafield ind1=" " ind2=" " tag="385"><subfield code="m">Age group</subfield><subfield code="a">Early Adolescents</subfield><subfield code="2">ericd</subfield></datafield><datafield ind1=" " ind2=" " tag="926"><subfield code="a">PZ 7 N6434 Al 2015</subfield><subfield code="w">LC</subfield><subfield code="c">1</subfield><subfield code="i">0162035227618</subfield><subfield code="d">1/11/2017</subfield><subfield code="e">12/6/2016</subfield><subfield code="l">CURRICULUM</subfield><subfield code="m">UAEDUC</subfield><subfield code="n">9</subfield><subfield code="p">$150.00</subfield><subfield code="r">Y</subfield><subfield code="s">Y</subfield><subfield code="t">BOOK</subfield><subfield code="u">1/28/2015</subfield></datafield><datafield ind1=" " ind2=" " tag="926"><subfield code="a">ER Author NIV</subfield><subfield code="w">ASIS</subfield><subfield code="c">1</subfield><subfield code="i">33862001367444</subfield><subfield code="d">4/19/2016</subfield><subfield code="e">3/30/2016</subfield><subfield code="l">EASY_READ</subfield><subfield code="m">NORQ_MAIN</subfield><subfield code="n">3</subfield><subfield code="p">$15.74</subfield><subfield code="r">Y</subfield><subfield code="s">Y</subfield><subfield code="t">BOOK</subfield><subfield code="u">1/26/2016</subfield></datafield><datafield ind1=" " ind2=" " tag="926"><subfield code="a">PZ 7 N6434 Al 2015</subfield><subfield code="w">LC</subfield><subfield code="c">1</subfield><subfield code="i">0162035764313</subfield><subfield code="l">ON_SHELF</subfield><subfield code="m">UAAUG</subfield><subfield code="p">$150.00</subfield><subfield code="r">Y</subfield><subfield code="s">Y</subfield><subfield code="t">BOOK</subfield><subfield code="u">1/3/2017</subfield><subfield code="z">COUTTS_ADD</subfield></datafield><datafield ind1=" " ind2=" " tag="926"><subfield code="a">NIV</subfield><subfield code="w">LC</subfield><subfield code="c">1</subfield><subfield code="i">0164000900955</subfield><subfield code="l">FICTION</subfield><subfield code="m">OLDS</subfield><subfield code="r">Y</subfield><subfield code="s">Y</subfield><subfield code="t">BOOK</subfield><subfield code="u">2/17/2017</subfield></datafield></record>